%YAML 1.1
%TAG !u! tag:unity3d.com,2011:
--- !u!1 &7181271221640868862
GameObject:
  m_ObjectHideFlags: 0
  m_CorrespondingSourceObject: {fileID: 0}
  m_PrefabInstance: {fileID: 0}
  m_PrefabAsset: {fileID: 0}
  serializedVersion: 6
  m_Component:
  - component: {fileID: 7181271221640868858}
  - component: {fileID: 7181271221640868859}
  - component: {fileID: 7181271221640868860}
  - component: {fileID: 7181271221640868861}
  m_Layer: 0
  m_Name: Ground
  m_TagString: Untagged
  m_Icon: {fileID: 0}
  m_NavMeshLayer: 0
  m_StaticEditorFlags: 0
  m_IsActive: 1
--- !u!4 &7181271221640868858
Transform:
  m_ObjectHideFlags: 0
  m_CorrespondingSourceObject: {fileID: 0}
  m_PrefabInstance: {fileID: 0}
  m_PrefabAsset: {fileID: 0}
  m_GameObject: {fileID: 7181271221640868862}
  m_LocalRotation: {x: 0, y: 0, z: 0, w: 1}
  m_LocalPosition: {x: 100.6, y: 0, z: 0}
  m_LocalScale: {x: 200, y: 1, z: 15}
  m_Children:
  - {fileID: 5922189495252264487}
  - {fileID: 1469913234027280635}
  - {fileID: 2486369016825503819}
  m_Father: {fileID: 0}
  m_RootOrder: 0
  m_LocalEulerAnglesHint: {x: 0, y: 0, z: 0}
--- !u!33 &7181271221640868859
MeshFilter:
  m_ObjectHideFlags: 0
  m_CorrespondingSourceObject: {fileID: 0}
  m_PrefabInstance: {fileID: 0}
  m_PrefabAsset: {fileID: 0}
  m_GameObject: {fileID: 7181271221640868862}
  m_Mesh: {fileID: 10202, guid: 0000000000000000e000000000000000, type: 0}
--- !u!23 &7181271221640868860
MeshRenderer:
  m_ObjectHideFlags: 0
  m_CorrespondingSourceObject: {fileID: 0}
  m_PrefabInstance: {fileID: 0}
  m_PrefabAsset: {fileID: 0}
  m_GameObject: {fileID: 7181271221640868862}
  m_Enabled: 1
  m_CastShadows: 1
  m_ReceiveShadows: 1
  m_DynamicOccludee: 1
  m_MotionVectors: 1
  m_LightProbeUsage: 1
  m_ReflectionProbeUsage: 1
  m_RenderingLayerMask: 1
  m_RendererPriority: 0
  m_Materials:
  - {fileID: 10303, guid: 0000000000000000f000000000000000, type: 0}
  m_StaticBatchInfo:
    firstSubMesh: 0
    subMeshCount: 0
  m_StaticBatchRoot: {fileID: 0}
  m_ProbeAnchor: {fileID: 0}
  m_LightProbeVolumeOverride: {fileID: 0}
  m_ScaleInLightmap: 1
  m_PreserveUVs: 0
  m_IgnoreNormalsForChartDetection: 0
  m_ImportantGI: 0
  m_StitchLightmapSeams: 0
  m_SelectedEditorRenderState: 3
  m_MinimumChartSize: 4
  m_AutoUVMaxDistance: 0.5
  m_AutoUVMaxAngle: 89
  m_LightmapParameters: {fileID: 0}
  m_SortingLayerID: 0
  m_SortingLayer: 0
  m_SortingOrder: 0
--- !u!65 &7181271221640868861
BoxCollider:
  m_ObjectHideFlags: 0
  m_CorrespondingSourceObject: {fileID: 0}
  m_PrefabInstance: {fileID: 0}
  m_PrefabAsset: {fileID: 0}
  m_GameObject: {fileID: 7181271221640868862}
  m_Material: {fileID: 13400000, guid: 95fdbfcd6ca949c4aa1abdfa817f0dc9, type: 2}
  m_IsTrigger: 0
  m_Enabled: 1
  serializedVersion: 2
  m_Size: {x: 1, y: 1, z: 1}
  m_Center: {x: 0, y: 0, z: 0}
--- !u!1001 &4464988336770177250
PrefabInstance:
  m_ObjectHideFlags: 0
  serializedVersion: 2
  m_Modification:
    m_TransformParent: {fileID: 7181271221640868858}
    m_Modifications:
    - target: {fileID: 6290984310662821046, guid: 6e0f030f722201d46a52246cd95ca5a4,
        type: 3}
      propertyPath: m_Name
      value: Goalpost (1)
      objectReference: {fileID: 0}
    - target: {fileID: 2267430809601915049, guid: 6e0f030f722201d46a52246cd95ca5a4,
        type: 3}
      propertyPath: m_LocalPosition.x
      value: 0.4966
      objectReference: {fileID: 0}
    - target: {fileID: 2267430809601915049, guid: 6e0f030f722201d46a52246cd95ca5a4,
        type: 3}
      propertyPath: m_LocalPosition.y
      value: 3.99
      objectReference: {fileID: 0}
    - target: {fileID: 2267430809601915049, guid: 6e0f030f722201d46a52246cd95ca5a4,
        type: 3}
      propertyPath: m_LocalPosition.z
      value: 0.46600002
      objectReference: {fileID: 0}
    - target: {fileID: 2267430809601915049, guid: 6e0f030f722201d46a52246cd95ca5a4,
        type: 3}
      propertyPath: m_LocalRotation.x
      value: -0
      objectReference: {fileID: 0}
    - target: {fileID: 2267430809601915049, guid: 6e0f030f722201d46a52246cd95ca5a4,
        type: 3}
      propertyPath: m_LocalRotation.y
      value: -0
      objectReference: {fileID: 0}
    - target: {fileID: 2267430809601915049, guid: 6e0f030f722201d46a52246cd95ca5a4,
        type: 3}
      propertyPath: m_LocalRotation.z
      value: -0
      objectReference: {fileID: 0}
    - target: {fileID: 2267430809601915049, guid: 6e0f030f722201d46a52246cd95ca5a4,
        type: 3}
      propertyPath: m_LocalRotation.w
      value: 1
      objectReference: {fileID: 0}
    - target: {fileID: 2267430809601915049, guid: 6e0f030f722201d46a52246cd95ca5a4,
        type: 3}
      propertyPath: m_RootOrder
      value: 2
      objectReference: {fileID: 0}
    - target: {fileID: 2267430809601915049, guid: 6e0f030f722201d46a52246cd95ca5a4,
        type: 3}
      propertyPath: m_LocalEulerAnglesHint.x
      value: 0
      objectReference: {fileID: 0}
    - target: {fileID: 2267430809601915049, guid: 6e0f030f722201d46a52246cd95ca5a4,
        type: 3}
      propertyPath: m_LocalEulerAnglesHint.y
      value: 0
      objectReference: {fileID: 0}
    - target: {fileID: 2267430809601915049, guid: 6e0f030f722201d46a52246cd95ca5a4,
        type: 3}
      propertyPath: m_LocalEulerAnglesHint.z
      value: 0
      objectReference: {fileID: 0}
    - target: {fileID: 2267430809601915049, guid: 6e0f030f722201d46a52246cd95ca5a4,
        type: 3}
      propertyPath: m_LocalScale.x
      value: 0.005
      objectReference: {fileID: 0}
    - target: {fileID: 2267430809601915049, guid: 6e0f030f722201d46a52246cd95ca5a4,
        type: 3}
      propertyPath: m_LocalScale.z
      value: 0.06666667
      objectReference: {fileID: 0}
    m_RemovedComponents: []
  m_SourcePrefab: {fileID: 100100000, guid: 6e0f030f722201d46a52246cd95ca5a4, type: 3}
--- !u!4 &2486369016825503819 stripped
Transform:
  m_CorrespondingSourceObject: {fileID: 2267430809601915049, guid: 6e0f030f722201d46a52246cd95ca5a4,
    type: 3}
  m_PrefabInstance: {fileID: 4464988336770177250}
  m_PrefabAsset: {fileID: 0}
--- !u!1001 &4867451011577735589
PrefabInstance:
  m_ObjectHideFlags: 0
  serializedVersion: 2
  m_Modification:
    m_TransformParent: {fileID: 1469913234027280635}
    m_Modifications:
    - target: {fileID: 537786471210942308, guid: 06d92410e4725084a8c8fbd92545f88f,
        type: 3}
      propertyPath: m_Name
      value: GameObject
      objectReference: {fileID: 0}
    - target: {fileID: 1851884266686600123, guid: 06d92410e4725084a8c8fbd92545f88f,
        type: 3}
      propertyPath: m_LocalPosition.x
      value: -1.01
      objectReference: {fileID: 0}
    - target: {fileID: 1851884266686600123, guid: 06d92410e4725084a8c8fbd92545f88f,
        type: 3}
      propertyPath: m_LocalPosition.y
      value: 0.52
      objectReference: {fileID: 0}
    - target: {fileID: 1851884266686600123, guid: 06d92410e4725084a8c8fbd92545f88f,
        type: 3}
      propertyPath: m_LocalPosition.z
      value: 0.426
      objectReference: {fileID: 0}
    - target: {fileID: 1851884266686600123, guid: 06d92410e4725084a8c8fbd92545f88f,
        type: 3}
      propertyPath: m_LocalRotation.x
      value: -0.02130197
      objectReference: {fileID: 0}
    - target: {fileID: 1851884266686600123, guid: 06d92410e4725084a8c8fbd92545f88f,
        type: 3}
      propertyPath: m_LocalRotation.y
      value: 0.66394186
      objectReference: {fileID: 0}
    - target: {fileID: 1851884266686600123, guid: 06d92410e4725084a8c8fbd92545f88f,
        type: 3}
      propertyPath: m_LocalRotation.z
      value: 0.034649033
      objectReference: {fileID: 0}
    - target: {fileID: 1851884266686600123, guid: 06d92410e4725084a8c8fbd92545f88f,
        type: 3}
      propertyPath: m_LocalRotation.w
      value: 0.74667716
      objectReference: {fileID: 0}
    - target: {fileID: 1851884266686600123, guid: 06d92410e4725084a8c8fbd92545f88f,
        type: 3}
      propertyPath: m_RootOrder
      value: 0
      objectReference: {fileID: 0}
    - target: {fileID: 1851884266686600123, guid: 06d92410e4725084a8c8fbd92545f88f,
        type: 3}
      propertyPath: m_LocalEulerAnglesHint.x
      value: -4.4630003
      objectReference: {fileID: 0}
    - target: {fileID: 1851884266686600123, guid: 06d92410e4725084a8c8fbd92545f88f,
        type: 3}
      propertyPath: m_LocalEulerAnglesHint.y
      value: 83.234
      objectReference: {fileID: 0}
    - target: {fileID: 1851884266686600123, guid: 06d92410e4725084a8c8fbd92545f88f,
        type: 3}
      propertyPath: m_LocalEulerAnglesHint.z
      value: 1.348
      objectReference: {fileID: 0}
    m_RemovedComponents: []
  m_SourcePrefab: {fileID: 100100000, guid: 06d92410e4725084a8c8fbd92545f88f, type: 3}
--- !u!1001 &5573309777684373134
PrefabInstance:
  m_ObjectHideFlags: 0
  serializedVersion: 2
  m_Modification:
    m_TransformParent: {fileID: 7181271221640868858}
    m_Modifications:
    - target: {fileID: 6290984310662821046, guid: 6e0f030f722201d46a52246cd95ca5a4,
        type: 3}
      propertyPath: m_Name
      value: Goalpost
      objectReference: {fileID: 0}
    - target: {fileID: 2267430809601915049, guid: 6e0f030f722201d46a52246cd95ca5a4,
        type: 3}
      propertyPath: m_LocalPosition.x
      value: 0.4966
      objectReference: {fileID: 0}
    - target: {fileID: 2267430809601915049, guid: 6e0f030f722201d46a52246cd95ca5a4,
        type: 3}
      propertyPath: m_LocalPosition.y
      value: 3.99
      objectReference: {fileID: 0}
    - target: {fileID: 2267430809601915049, guid: 6e0f030f722201d46a52246cd95ca5a4,
        type: 3}
      propertyPath: m_LocalPosition.z
      value: -0.46533337
      objectReference: {fileID: 0}
    - target: {fileID: 2267430809601915049, guid: 6e0f030f722201d46a52246cd95ca5a4,
        type: 3}
      propertyPath: m_LocalRotation.x
      value: -0
      objectReference: {fileID: 0}
    - target: {fileID: 2267430809601915049, guid: 6e0f030f722201d46a52246cd95ca5a4,
        type: 3}
      propertyPath: m_LocalRotation.y
      value: -0
      objectReference: {fileID: 0}
    - target: {fileID: 2267430809601915049, guid: 6e0f030f722201d46a52246cd95ca5a4,
        type: 3}
      propertyPath: m_LocalRotation.z
      value: -0
      objectReference: {fileID: 0}
    - target: {fileID: 2267430809601915049, guid: 6e0f030f722201d46a52246cd95ca5a4,
        type: 3}
      propertyPath: m_LocalRotation.w
      value: 1
      objectReference: {fileID: 0}
    - target: {fileID: 2267430809601915049, guid: 6e0f030f722201d46a52246cd95ca5a4,
        type: 3}
      propertyPath: m_RootOrder
      value: 0
      objectReference: {fileID: 0}
    - target: {fileID: 2267430809601915049, guid: 6e0f030f722201d46a52246cd95ca5a4,
        type: 3}
      propertyPath: m_LocalEulerAnglesHint.x
      value: 0
      objectReference: {fileID: 0}
    - target: {fileID: 2267430809601915049, guid: 6e0f030f722201d46a52246cd95ca5a4,
        type: 3}
      propertyPath: m_LocalEulerAnglesHint.y
      value: 0
      objectReference: {fileID: 0}
    - target: {fileID: 2267430809601915049, guid: 6e0f030f722201d46a52246cd95ca5a4,
        type: 3}
      propertyPath: m_LocalEulerAnglesHint.z
      value: 0
      objectReference: {fileID: 0}
    - target: {fileID: 2267430809601915049, guid: 6e0f030f722201d46a52246cd95ca5a4,
        type: 3}
      propertyPath: m_LocalScale.x
      value: 0.005
      objectReference: {fileID: 0}
    - target: {fileID: 2267430809601915049, guid: 6e0f030f722201d46a52246cd95ca5a4,
        type: 3}
      propertyPath: m_LocalScale.z
      value: 0.06666667
      objectReference: {fileID: 0}
    m_RemovedComponents: []
  m_SourcePrefab: {fileID: 100100000, guid: 6e0f030f722201d46a52246cd95ca5a4, type: 3}
--- !u!4 &5922189495252264487 stripped
Transform:
  m_CorrespondingSourceObject: {fileID: 2267430809601915049, guid: 6e0f030f722201d46a52246cd95ca5a4,
    type: 3}
  m_PrefabInstance: {fileID: 5573309777684373134}
  m_PrefabAsset: {fileID: 0}
--- !u!1001 &7668228265317535550
PrefabInstance:
  m_ObjectHideFlags: 0
  serializedVersion: 2
  m_Modification:
    m_TransformParent: {fileID: 7181271221640868858}
    m_Modifications:
    - target: {fileID: 1624125648898655698, guid: 2844fc81feb196347a7eb92a3e8da601,
        type: 3}
      propertyPath: m_Name
      value: TopOfGoal
      objectReference: {fileID: 0}
    - target: {fileID: 9082962988239681477, guid: 2844fc81feb196347a7eb92a3e8da601,
        type: 3}
      propertyPath: m_LocalPosition.x
      value: 0.49725002
      objectReference: {fileID: 0}
    - target: {fileID: 9082962988239681477, guid: 2844fc81feb196347a7eb92a3e8da601,
        type: 3}
      propertyPath: m_LocalPosition.y
      value: 9.93
      objectReference: {fileID: 0}
    - target: {fileID: 9082962988239681477, guid: 2844fc81feb196347a7eb92a3e8da601,
        type: 3}
      propertyPath: m_LocalPosition.z
      value: -0.0026666666
      objectReference: {fileID: 0}
    - target: {fileID: 9082962988239681477, guid: 2844fc81feb196347a7eb92a3e8da601,
        type: 3}
      propertyPath: m_LocalRotation.x
      value: -0
      objectReference: {fileID: 0}
    - target: {fileID: 9082962988239681477, guid: 2844fc81feb196347a7eb92a3e8da601,
        type: 3}
      propertyPath: m_LocalRotation.y
      value: -0
      objectReference: {fileID: 0}
    - target: {fileID: 9082962988239681477, guid: 2844fc81feb196347a7eb92a3e8da601,
        type: 3}
      propertyPath: m_LocalRotation.z
      value: -0
      objectReference: {fileID: 0}
    - target: {fileID: 9082962988239681477, guid: 2844fc81feb196347a7eb92a3e8da601,
        type: 3}
      propertyPath: m_LocalRotation.w
      value: 1
      objectReference: {fileID: 0}
    - target: {fileID: 9082962988239681477, guid: 2844fc81feb196347a7eb92a3e8da601,
        type: 3}
      propertyPath: m_RootOrder
      value: 1
      objectReference: {fileID: 0}
    - target: {fileID: 9082962988239681477, guid: 2844fc81feb196347a7eb92a3e8da601,
        type: 3}
      propertyPath: m_LocalEulerAnglesHint.x
      value: 0
      objectReference: {fileID: 0}
    - target: {fileID: 9082962988239681477, guid: 2844fc81feb196347a7eb92a3e8da601,
        type: 3}
      propertyPath: m_LocalEulerAnglesHint.y
      value: 0
      objectReference: {fileID: 0}
    - target: {fileID: 9082962988239681477, guid: 2844fc81feb196347a7eb92a3e8da601,
        type: 3}
      propertyPath: m_LocalEulerAnglesHint.z
      value: 0
      objectReference: {fileID: 0}
    - target: {fileID: 9082962988239681477, guid: 2844fc81feb196347a7eb92a3e8da601,
        type: 3}
      propertyPath: m_LocalScale.x
      value: 0.005
      objectReference: {fileID: 0}
    - target: {fileID: 9082962988239681477, guid: 2844fc81feb196347a7eb92a3e8da601,
        type: 3}
      propertyPath: m_LocalScale.z
      value: 1
      objectReference: {fileID: 0}
    m_RemovedComponents: []
  m_SourcePrefab: {fileID: 100100000, guid: 2844fc81feb196347a7eb92a3e8da601, type: 3}
--- !u!4 &1469913234027280635 stripped
Transform:
  m_CorrespondingSourceObject: {fileID: 9082962988239681477, guid: 2844fc81feb196347a7eb92a3e8da601,
    type: 3}
  m_PrefabInstance: {fileID: 7668228265317535550}
  m_PrefabAsset: {fileID: 0}
